<?xml version="1.0" encoding="UTF-8"?><collection xmlns="http://www.loc.gov/MARC21/slim"><record><leader>00564nam--2200145-i-4500</leader><controlfield tag="001">000008287</controlfield><controlfield tag="002">20161230</controlfield><controlfield tag="005">20170211145636</controlfield><controlfield tag="008">060222s1000------------r-----000-0-eng-d</controlfield><datafield ind1=" " ind2=" " tag="100"><subfield code="a">Cupsa, Adrian</subfield></datafield><datafield ind1=" " ind2=" " tag="245"><subfield code="a">Contributii teoretice si experimentale la studiul curentilor turbionari tranzitorii in circuite magnetice masive, ecranate, cu structura neomogena si al fortelor corespunzatoare. Autoreferat asupra tezei de doctorat</subfield></datafield><datafield ind1=" " ind2=" " tag="260"><subfield code="a">Bucuresti</subfield><subfield code="b">Institutul Politehnic Gh.Gheorghiu Dej</subfield><subfield code="c">1967</subfield></datafield><datafield ind1=" " ind2=" " tag="300"><subfield code="a">56 p</subfield></datafield><datafield ind1=" " ind2=" " tag="852"><subfield code="a">621.3</subfield></datafield><datafield ind1=" " ind2=" " tag="CAT"><subfield code="a">SYS</subfield><subfield code="c">20170211</subfield><subfield code="h">145636</subfield></datafield></record></collection>